@article{qald9,
  title={9th challenge on question answering over linked data (QALD-9)},
  author={Ngomo, Ngonga},
  journal={language},
  volume={7},
  number={1},
  pages={58--64},
  year={2018}
}
@article{bernersleesemanticweb,
  title={The semantic web},
  author={Berners-Lee, Tim and Hendler, James and Lassila, Ora},
  journal={Scientific american},
  volume={284},
  number={5},
  pages={34--43},
  year={2001},
  publisher={JSTOR}
}
@techreport{uri,
  author = {Tim Berners-Lee and Roy T. Fielding and Larry Masinter},
  title = {{U}niform {R}esource {I}dentifier ({URI}): {G}eneric Syntax},
  series = {Request for Comments},
  number = {3986},
  year = {2005},
  month = {1},
  noissn = {2070-1721},
  institution = {Internet Engineering Task Force (IETF), Network Working Group},
  url = {https://tools.ietf.org/html/rfc3986},
  urldate = {2020-03-25}
}
@techreport{url,
  author = {Tim Berners-Lee and Larry Masinter and Mark McCahill},
  title = {{U}niform {R}esource {L}ocators ({URL})},
  series = {Request for Comments},
  notype = {RFC},
  number = {1738},
  year = {1994},
  month = {12},
  noissn = {2070-1721},
  institution = {Internet Engineering Task Force (IETF), Network Working Group},
  url = {https://tools.ietf.org/html/rfc1738},
  urldate = {2020-03-25}
}
@article{www,
  title={The world-wide web},
  author={Berners-Lee, Tim and Cailliau, Robert and Luotonen, Ari and Nielsen, Henrik Frystyk and Secret, Arthur},
  journal={Communications of the ACM},
  volume={37},
  number={8},
  pages={76--82},
  year={1994},
  publisher={ACM New York, NY, USA}
}
@inproceedings{deeppavlov,
  title={Deeppavlov: Open-source library for dialogue systems},
  author={Burtsev, Mikhail and Seliverstov, Alexander and Airapetyan, Rafael and Arkhipov, Mikhail and Baymurzina, Dilyara and Bushkov, Nickolay and Gureenkova, Olga and Khakhulin, Taras and Kuratov, Yurii and Kuznetsov, Denis and others},
  booktitle={Proceedings of ACL 2018, System Demonstrations},
  pages={122--127},
  year={2018}
}
@article{bert,
  title={Bert: Pre-training of deep bidirectional transformers for language understanding},
  author={Devlin, Jacob and Chang, Ming-Wei and Lee, Kenton and Toutanova, Kristina},
  journal={arXiv preprint arXiv:1810.04805},
  year={2018}
}
