@book{bb,
  title={Health Information Systems: {A}rchitectures and Strategies},
  author={Winter, A. and Haux, R. and Ammenwerth, E. and Brigl, B. and Hellrung, N. and Jahn, F.}, series={Health Informatics},
  year={2011},
  publisher={Springer London}
}

@book{ob,
  author={Ammenwerth, Elske and Haux, Reinhold and Knaup-Gregori, Petra and Winter, Alfred},
  title={{IT}-{P}rojektmanagement im {G}esundheitswesen},
  noedition={second},
  publisher={Schattauer},
  noaddress={Stuttgart, Germany},
  year={2014},
}

@book{he,
  title={Informationsmanagement: Grundlagen, Aufgaben, Methoden},
  author={Heinrich, Lutz J and Riedl, Ren{\'e} and Stelzer, Dirk},
  year={2014},
  publisher={De Gruyter}
}

