@article{qald9,
  title={9th challenge on question answering over linked data ({QALD}-9)},
  author={Ngomo, Ngonga},
  journal={language},
  volume={7},
  number={1},
  pages={58--64},
  year={2018}
}
@article{semanticweb,
  title={{T}he semantic web},
  author={Berners-Lee, Tim and Hendler, James and Lassila, Ora},
  journal={Scientific american},
  volume={284},
  number={5},
  pages={34--43},
  year={2001},
  publisher={JSTOR}
}
@techreport{uri,
  author = {Tim Berners-Lee and Roy T. Fielding and Larry Masinter},
  title = {{U}niform {R}esource {I}dentifier ({URI}): {G}eneric Syntax},
  series = {Request for Comments},
  number = {3986},
  year = {2005},
  month = {1},
  noissn = {2070-1721},
  institution = {Internet Engineering Task Force (IETF), Network Working Group},
  url = {https://tools.ietf.org/html/rfc3986},
  urldate = {2020-03-25}
}
@techreport{url,
  author = {Tim Berners-Lee and Larry Masinter and Mark McCahill},
  title = {{U}niform {R}esource {L}ocators ({URL})},
  series = {Request for Comments},
  notype = {RFC},
  number = {1738},
  year = {1994},
  month = {12},
  noissn = {2070-1721},
  institution = {Internet Engineering Task Force (IETF), Network Working Group},
  url = {https://tools.ietf.org/html/rfc1738},
  urldate = {2020-03-25}
}
@article{www,
  title={{T}he world-wide web},
  author={Berners-Lee, Tim and Cailliau, Robert and Luotonen, Ari and Nielsen, Henrik Frystyk and Secret, Arthur},
  journal={Communications of the ACM},
  volume={37},
  number={8},
  pages={76--82},
  year={1994},
  publisher={ACM New York, NY, USA}
}
@inproceedings{deeppavlov,
  title={{D}eeppavlov: {O}pen-source library for dialogue systems},
  author={Burtsev, Mikhail and Seliverstov, Alexander and Airapetyan, Rafael and Arkhipov, Mikhail and Baymurzina, Dilyara and Bushkov, Nickolay and Gureenkova, Olga and Khakhulin, Taras and Kuratov, Yurii and Kuznetsov, Denis and others},
  booktitle={Proceedings of ACL 2018, System Demonstrations},
  pages={122--127},
  year={2018}
}
@article{bert,
  title={{B}ert: {P}re-training of deep bidirectional transformers for language understanding},
  author={Devlin, Jacob and Chang, Ming-Wei and Lee, Kenton and Toutanova, Kristina},
  journal={arXiv preprint arXiv:1810.04805},
  year={2018}
}
@article{elmo,
  author = {Peters, Matthew E. and Neumann, Mark and Iyyer, Mohit and Gardner, Matt and Clark, Christopher and Lee, Kenton and Zettlemoyer, Luke},
  title = {{D}eep contextualized word representations},
  journal = {CoRR},
  volume = {abs/1802.05365},
  year = {2018}
}
@article{lstm,
  title={{L}ong short-term memory},
  author={Hochreiter, Sepp and Schmidhuber, J{\"u}rgen},
  journal={Neural computation},
  volume={9},
  number={8},
  pages={1735--1780},
  year={1997},
  publisher={MIT Press}
}
@article{gru,
  title={{E}mpirical evaluation of gated recurrent neural networks on sequence modeling},
  author={Chung, Junyoung and Gulcehre, Caglar and Cho, KyungHyun and Bengio, Yoshua},
  journal={arXiv preprint arXiv:1412.3555},
  year={2014}
}
@article{cloze,
  title={“{C}loze procedure”: A new tool for measuring readability},
  author={Taylor, Wilson L},
  journal={Journalism quarterly},
  volume={30},
  number={4},
  pages={415--433},
  year={1953},
  publisher={SAGE Publications Sage CA: Los Angeles, CA}
}
@inproceedings{annotatedtransformer,
  title={{T}he annotated transformer},
  author={Rush, Alexander M},
  booktitle={Proceedings of workshop for NLP open source software (NLP-OSS)},
  pages={52--60},
  year={2018}
}
@inproceedings{attention,
  title={{A}ttention is all you need},
  author={Vaswani, Ashish and Shazeer, Noam and Parmar, Niki and Uszkoreit, Jakob and Jones, Llion and Gomez, Aidan N and Kaiser, {\L}ukasz and Polosukhin, Illia},
  booktitle={Advances in neural information processing systems},
  pages={5998--6008},
  year={2017}
}
@article{pretrainednlpsurvey,
  title={{P}re-trained models for natural language processing: {A} survey},
  author={Qiu, Xipeng and Sun, Tianxiang and Xu, Yige and Shao, Yunfan and Dai, Ning and Huang, Xuanjing},
  journal={Science China Technological Sciences},
  pages={1--26},
  year={2020},
  publisher={Springer}
}
@inproceedings{bookscorpus,
  title={{A}ligning books and movies: {T}owards story-like visual explanations by watching movies and reading books},
  author={Zhu, Yukun and Kiros, Ryan and Zemel, Rich and Salakhutdinov, Ruslan and Urtasun, Raquel and Torralba, Antonio and Fidler, Sanja},
  booktitle={Proceedings of the IEEE international conference on computer vision},
  pages={19--27},
  year={2015}
}
@article{eraser,
  title={{E}raser: {A} benchmark to evaluate rationalized nlp models},
  author={DeYoung, Jay and Jain, Sarthak and Rajani, Nazneen Fatema and Lehman, Eric and Xiong, Caiming and Socher, Richard and Wallace, Byron C},
  journal={arXiv preprint arXiv:1911.03429},
  year={2019}
}
@article{genpretraining,
  title={{I}mproving language understanding by generative pre-training},
  author={Radford, Alec and Narasimhan, Karthik and Salimans, Tim and Sutskever, Ilya},
  year={2018}
}
@article{openaigpt,
  title={{I}mproving language understanding with unsupervised learning},
  author={Radford, Alec and Narasimhan, Karthik and Salimans, Tim and Sutskever, Ilya},
  year={2018},
  publisher={Technical report, OpenAI}
}
@inproceedings{recursivedeeplearning,
  title={{R}ecursive deep models for semantic compositionality over a sentiment treebank},
  author={Socher, Richard and Perelygin, Alex and Wu, Jean and Chuang, Jason and Manning, Christopher D and Ng, Andrew Y and Potts, Christopher},
  booktitle={Proceedings of the 2013 conference on empirical methods in natural language processing},
  pages={1631--1642},
  year={2013}
}
@article{dl-nlpsurvey,
  title={{A} survey of the usages of deep learning for natural language processing},
  author={Otter, Daniel W and Medina, Julian R and Kalita, Jugal K},
  journal={IEEE Transactions on Neural Networks and Learning Systems},
  volume={32},
  number={2},
  pages={604--624},
  year={2020},
  publisher={IEEE}
}
@article{semanticwebreview,
  title={{A} review of the semantic web field},
  author={Hitzler, Pascal},
  journal={Communications of the ACM},
  volume={64},
  number={2},
  pages={76--83},
  year={2021},
  publisher={ACM New York, NY, USA}
}
@Inbook{ontologygruber,
author="Gruber, Tom",
editor="Liu, Ling
and {\"O}zsu, M. Tamer",
title="{O}ntology",
bookTitle="{E}ncyclopedia of Database Systems",
year="2016",
publisher="Springer New York",
address="New York, NY",
pages="1--3",
isbn="978-1-4899-7993-3",
doi="10.1007/978-1-4899-7993-3_1318-2",
}
@inproceedings{nlpattention,
  title={{A}n introductory survey on attention mechanisms in {NLP} problems},
  author={Hu, Dichao},
  booktitle={{P}roceedings of {SAI} Intelligent Systems Conference},
  pages={432--448},
  year={2019},
  organization={Springer}
}
@article{deeplearningnlp,
  title={{I}mproving the reliability of deep neural networks in {NLP}: {A} review},
  author={Alshemali, Basemah and Kalita, Jugal},
  journal={Knowledge-Based Systems},
  volume={191},
  pages={105210},
  year={2020},
  publisher={Elsevier}
}
@book{semanticwebgrundlagen,
  title={{S}emantic Web: {G}rundlagen},
  author={Hitzler, Pascal and Kr{\"o}tzsch, Markus and Rudolph, Sebastian and Sure, York},
  year={2007},
  publisher={Springer-Verlag}
}
@incollection{linkeddata,
  title={{L}inked data: {T}he story so far},
  author={Bizer, Christian and Heath, Tom and Berners-Lee, Tim},
  booktitle={Semantic services, interoperability and web applications: emerging concepts},
  pages={205--227},
  year={2011},
  publisher={IGI global}
}
@article{linkeddatadesignissues,
  title={{L}inked data-design issues},
  author={Berners-Lee, Tim},
  journal={http://www. w3. org/DesignIssues/LinkedData. html},
  year={2006}
}
@article{qadefinition,
  title={{N}atural language question answering: the view from here},
  author={Hirschman, Lynette and Gaizauskas, Robert},
  journal={natural language engineering},
  volume={7},
  number={4},
  pages={275--300},
  year={2001},
  publisher={Cambridge University Press}
}
@techreport{sqadefinition,
  title={{Q}uestion answering based on semantic structures},
  author={Narayanan, Srini and Harabagiu, Sanda},
  year={2004},
  institution={INTERNATIONAL COMPUTER SCIENCE INST BERKELEY CA}
}
@article{deeplearningreview,
  title={{D}eep learning: a review},
  author={Vargas, Rocio and Mosavi, Amir and Ruiz, Ramon},
  year={2017}
}
@article{deeplearningarchitecturesreview,
  title={{R}eview of deep learning algorithms and architectures},
  author={Shrestha, Ajay and Mahmood, Ausif},
  journal={IEEE Access},
  volume={7},
  pages={53040--53065},
  year={2019},
  publisher={IEEE}
}
@article{mllearning,
  title={{M}achine learning algorithms-a review},
  author={Mahesh, Batta},
  journal={International Journal of Science and Research (IJSR).[Internet]},
  volume={9},
  pages={381--386},
  year={2020}
}
@article{recaptchabooks,
  title={recaptcha: {H}uman-based character recognition via web security measures},
  author={Von Ahn, Luis and Maurer, Benjamin and McMillen, Colin and Abraham, David and Blum, Manuel},
  journal={Science},
  volume={321},
  number={5895},
  pages={1465--1468},
  year={2008},
  publisher={American Association for the Advancement of Science}
}
@inproceedings{recaptchaav,
  title={{C}ooperation{C}aptcha: on-the-fly object labeling for highly automated vehicles},
  author={Walch, Marcel and Colley, Mark and Weber, Michael},
  booktitle={Extended Abstracts of the 2019 CHI Conference on Human Factors in Computing Systems},
  pages={1--6},
  year={2019}
}
@article{nlphistory,
  title={{N}atural language processing: a historical review},
  author={Jones, Karen Sparck},
  journal={Current issues in computational linguistics: in honour of Don Walker},
  pages={3--16},
  year={1994},
  publisher={Springer}
}
@article{nlpreviewtts,
  title={{R}eview on natural language processing},
  author={Reshamwala, Alpa and Mishra, Dhirendra and Pawar, Prajakta},
  journal={IRACST Engineering Science and Technology: An International Journal (ESTIJ)},
  volume={3},
  number={1},
  pages={113--116},
  year={2013}
}
@article{nlpreview,
  title={{J}umping {NLP} curves: {A} review of natural language processing research},
  author={Cambria, Erik and White, Bebo},
  journal={IEEE Computational intelligence magazine},
  volume={9},
  number={2},
  pages={48--57},
  year={2014},
  publisher={IEEE}
}
@inproceedings{curatorpipeline,
  title={{A}n {NLP} Curator (or: How I Learned to Stop Worrying and Love {NLP} Pipelines).},
  author={Clarke, James and Srikumar, Vivek and Sammons, Mark and Roth, Dan},
  booktitle={LREC},
  pages={3276--3283},
  year={2012}
}
@article{rulebasedsystem,
  title={{R}ule-based systems},
  author={Hayes-Roth, Frederick},
  journal={Communications of the ACM},
  volume={28},
  number={9},
  pages={921--932},
  year={1985},
  publisher={ACM New York, NY, USA}
}
@article{kgqaleaderboard,
  title={{K}nowledge Graph Question Answering Leaderboard: {A} Community Resource to Prevent a Replication Crisis},
  author={Perevalov, Aleksandr and Yan, Xi and Kovriguina, Liubov and Jiang, Longquan and Both, Andreas and Usbeck, Ricardo},
  journal={arXiv preprint arXiv:2201.08174},
  year={2022}
}
@inproceedings{ganswerapproach,
  title={{N}atural language question answering over {RDF}: a graph data driven approach},
  author={Zou, Lei and Huang, Ruizhe and Wang, Haixun and Yu, Jeffrey Xu and He, Wenqiang and Zhao, Dongyan},
  booktitle={Proceedings of the 2014 ACM SIGMOD international conference on Management of data},
  pages={313--324},
  year={2014}
}

@article{ganswer2,
  title={{Q}uestion answering over knowledge graphs via structural query patterns},
  author={Zheng, Weiguo and Zhang, Mei},
  journal={arXiv preprint arXiv:1910.09760},
  year={2019}
}
@article{grammarparser,
  title={{P}arsing English with a link grammar},
  author={Sleator, Daniel DK and Temperley, Davy},
  journal={arXiv preprint cmp-lg/9508004},
  year={1995}
}
@article{deeplearningnature,
  title={{D}eep learning},
  author={LeCun, Yann and Bengio, Yoshua and Hinton, Geoffrey},
  journal={nature},
  volume={521},
  number={7553},
  pages={436--444},
  year={2015},
  publisher={Nature Publishing Group}
}
@article{dbpedia,
  title={{D}bpedia -- {A} large-scale, multilingual knowledge base extracted from wikipedia},
  author={Lehmann, Jens and Isele, Robert and Jakob, Max and Jentzsch, Anja and Kontokostas, Dimitris and Mendes, Pablo N and Hellmann, Sebastian and Morsey, Mohamed and Van Kleef, Patrick and Auer, S{\"o}ren and others},
  journal={Semantic web},
  volume={6},
  number={2},
  pages={167--195},
  year={2015},
  publisher={IOS Press}
}
@misc{tensorflow,
title={{TensorFlow}: {L}arge-Scale Machine Learning on Heterogeneous Systems},
url={https://www.tensorflow.org/},
note={Software available from tensorflow.org},
author={
    Mart\'{i}n~Abadi and
    Ashish~Agarwal and
    Paul~Barham and
    Eugene~Brevdo and
    Zhifeng~Chen and
    Craig~Citro and
    Greg~S.~Corrado and
    Andy~Davis and
    Jeffrey~Dean and
    Matthieu~Devin and
    Sanjay~Ghemawat and
    Ian~Goodfellow and
    Andrew~Harp and
    Geoffrey~Irving and
    Michael~Isard and
    Yangqing Jia and
    Rafal~Jozefowicz and
    Lukasz~Kaiser and
    Manjunath~Kudlur and
    Josh~Levenberg and
    Dandelion~Man\'{e} and
    Rajat~Monga and
    Sherry~Moore and
    Derek~Murray and
    Chris~Olah and
    Mike~Schuster and
    Jonathon~Shlens and
    Benoit~Steiner and
    Ilya~Sutskever and
    Kunal~Talwar and
    Paul~Tucker and
    Vincent~Vanhoucke and
    Vijay~Vasudevan and
    Fernanda~Vi\'{e}gas and
    Oriol~Vinyals and
    Pete~Warden and
    Martin~Wattenberg and
    Martin~Wicke and
    Yuan~Yu and
    Xiaoqiang~Zheng},
  year={2015},
}
@inproceedings{tebaqa,
  title={{K}nowledge Graph Question Answering using Graph-Pattern Isomorphism},
  author={Vollmers, D. and Jalota, R. and Moussallem, D. and Topiwala, H. and Ngomo, A. C. N. and Usbeck, R. and IAIS},
  booktitle={Further with Knowledge Graphs: Proceedings of the 17th International Conference on Semantic Systems, 6-9 September 2021, Amsterdam, The Netherlands},
  volume={53},
  pages={103},
  year={2021},
  organization={IOS Press}
}
@article{ckbqasurvey,
  title={{C}omplex Knowledge Base Question Answering: {A} Survey},
  author={Lan, Yunshi and He, Gaole and Jiang, Jinhao and Jiang, Jing and Zhao, Wayne Xin and Wen, Ji-Rong},
  journal={arXiv preprint arXiv:2108.06688},
  year={2021}
}
@article{zsl,
  title={{A} unified approach for conventional zero-shot, generalized zero-shot, and few-shot learning},
  author={Rahman, Shafin and Khan, Salman and Porikli, Fatih},
  journal={IEEE Transactions on Image Processing},
  volume={27},
  number={11},
  pages={5652--5667},
  year={2018},
  publisher={IEEE}
}
@book{deutschbuch,
  author={Wolfgang~Aleker and Kirsten~Krebsbach and Elfriede~Kuntz and Sabine~Bentrop and Hans-Martin~Blitz and Cornelia~Blochmann and Antje~Fizia and Joachim~Held and Michael~Polty and Christiane~Rabe-Vogt and Klaus~Roth and Dieter~Schrey and Claudia~Schuler and Barbara~Stewens and Irmgard~Wiederspahn},
  title={{B}lickfeld {D}eutsch},
  publisher={Sch{\"o}ningh},
  year={2010},
  isbn={978-3-14-028235-2}
}
@book{duden,
  author={Dudenredaktion},
  title={Duden, Die deutsche Rechtschreibung},
  publisher={Duden},
  year={2013},
  isbn={978-3-411-04016-2},
  volume={26}
}
@phdthesis{diefenbachkbqa,
  title={{Q}uestion answering over Knowledge Bases},
  author={Diefenbach, Dennis},
  year={2018},
  school={Universit{\'e} de Lyon}
}
@inproceedings{qanswer,
  title={{QA}nswer {KG}: {D}esigning a portable question answering system over {RDF} data},
  author={Diefenbach, Dennis and Gim{\'e}nez-Garc{\'\i}a, Jos{\'e} and Both, Andreas and Singh, Kamal and Maret, Pierre},
  booktitle={European Semantic Web Conference},
  pages={429--445},
  year={2020},
  organization={Springer}
}

@article{attentionintro,
  title={{N}eural machine translation by jointly learning to align and translate},
  author={Bahdanau, Dzmitry and Cho, Kyunghyun and Bengio, Yoshua},
  journal={arXiv preprint arXiv:1409.0473},
  year={2014}
}
@article{seq2seqA,
  title={{L}earning phrase representations using {RNN} encoder-decoder for statistical machine translation},
  author={Cho, Kyunghyun and Van Merri{\"e}nboer, Bart and Gulcehre, Caglar and Bahdanau, Dzmitry and Bougares, Fethi and Schwenk, Holger and Bengio, Yoshua},
  journal={arXiv preprint arXiv:1406.1078},
  year={2014}
}
@article{seq2seqB,
  title={{S}equence to sequence learning with neural networks},
  author={Sutskever, Ilya and Vinyals, Oriol and Le, Quoc V},
  journal={Advances in neural information processing systems},
  volume={27},
  year={2014}
}
@inproceedings{invertedindex,
  title={{I}nverted index compression and query processing with optimized document ordering},
  author={Yan, Hao and Ding, Shuai and Suel, Torsten},
  booktitle={Proceedings of the 18th international conference on World wide web},
  pages={401--410},
  year={2009}
}
@book{elasticsearch,
  title={{L}earning {E}lasticsearch},
  author={Andhavarapu, Abhishek},
  year={2017},
  publisher={Packt Publishing Ltd}
}
@book{orwell1984,
  title={{N}ineteen Eigthy-Four},
  author={George Orwell},
  year={1990},
  publisher={Penguin Books}
}
@article{mikolov2013a,
  title={{D}istributed representations of words and phrases and their compositionality},
  author={Mikolov, Tomas and Sutskever, Ilya and Chen, Kai and Corrado, Greg S and Dean, Jeff},
  journal={Advances in neural information processing systems},
  volume={26},
  year={2013}
}
@article{mikolov2013b,
  title={{E}fficient estimation of word representations in vector space},
  author={Mikolov, Tomas and Chen, Kai and Corrado, Greg and Dean, Jeffrey},
  journal={arXiv preprint arXiv:1301.3781},
  year={2013}
}
@thesis{arneba,
  author={Roszeitis, Arne},
  title={{A}utomatische {G}enerierung komplexer {F}ragen zum {I}nformationsmanagement auf der {Basis} der {SNIK}-{O}ntologie},
  school={Fakult{\"a}t f{\"u}r Mathematik und Informatik der Universit{\"a}t Leipzig},
  year={2022}
}
@article{complexkgqa,
  title={{T}owards Complex Question Answering over Knowledge Graphs},
  author={Dubey, Mohnish},
  year={2021},
  publisher={Universit{\"a}ts-und Landesbibliothek Bonn}
}
@article{asknowdiefenbach,
  title={{T}owards a question answering system over the semantic web},
  author={Diefenbach, Dennis and Both, Andreas and Singh, Kamal and Maret, Pierre},
  journal={Semantic Web},
  volume={11},
  number={3},
  pages={421--439},
  year={2020},
  publisher={IOS Press}
}
@inproceedings{asknow,
  title={{A}sknow: A framework for natural language query formalization in sparql},
  author={Dubey, Mohnish and Dasgupta, Sourish and Sharma, Ankit and H{\"o}ffner, Konrad and Lehmann, Jens},
  booktitle={European Semantic Web Conference},
  pages={300--316},
  year={2016},
  organization={Springer}
}
@article{penntreebankpos,
  title={{T}he {P}enn treebank: an overview},
  author={Taylor, Ann and Marcus, Mitchell and Santorini, Beatrice},
  journal={Treebanks},
  pages={5--22},
  year={2003},
  publisher={Springer}
}
@inproceedings{linkeddatavisualisationstudy,
  title={{A} comparative study of state-of-the-art linked data visualization tools},
  author={Desimoni, Federico and Bikakis, Nikos and Po, Laura and Papastefanatos, George},
  booktitle={5th International Workshop on Visualization and Interaction for Ontologies and Linked Data, VOILA 2020},
  volume={2778},
  pages={1--13},
  year={2020},
  organization={CEUR-WS}
}
@article{linkeddatavisualisation,
  title={Linked data visualization: techniques, tools, and big data},
  author={Po, Laura and Bikakis, Nikos and Desimoni, Federico and Papastefanatos, George},
  journal={Synthesis Lectures on Semantic Web: Theory and Technology},
  volume={10},
  number={1},
  pages={1--157},
  year={2020},
  publisher={Morgan \& Claypool Publishers}
}
@article{wordnet,
  title={WordNet: a lexical database for English},
  author={Miller, George A},
  journal={Communications of the ACM},
  volume={38},
  number={11},
  pages={39--41},
  year={1995},
  publisher={ACM New York, NY, USA}
}
@inproceedings{dbpediaspotlight,
  title={DBpedia spotlight: shedding light on the web of documents},
  author={Mendes, Pablo N and Jakob, Max and Garc{\'\i}a-Silva, Andr{\'e}s and Bizer, Christian},
  booktitle={Proceedings of the 7th international conference on semantic systems},
  pages={1--8},
  year={2011}
}
@inproceedings{boapatternlibrary,
  title={Bootstrapping the linked data web},
  author={Gerber, Daniel and Ngomo, A-C Ngonga},
  booktitle={1st Workshop on Web Scale Knowledge Extraction@ ISWC},
  volume={2011},
  pages={61},
  year={2011}
}
